%% This BibTeX bibliography file was created using BibDesk.
%% http://bibdesk.sourceforge.net/


%% Created for Alberto López Sánchez at 2015-01-28 19:33:23 +0100 


%% Saved with string encoding Unicode (UTF-8) 



@misc{robomind-web,
	Date-Added = {2015-01-28 18:30:49 +0000},
	Date-Modified = {2015-01-28 18:33:23 +0000},
	Howpublished = {\url{http://www.robomind.net/es/}},
	Title = {P{\'a}gina oficial de RoboMind Desktop en Espa{\~n}ol.},
	Year = {{\'U}ltimo acceso el 28 de enero de 2015.}}
