%% This BibTeX bibliography file was created using BibDesk.
%% http://bibdesk.sourceforge.net/


%% Created for Alberto López Sánchez at 2015-02-09 16:41:36 +0100 


%% Saved with string encoding Unicode (UTF-8) 



@misc{experiential-learning,
	Author = {J. Bergin, J. Chandler, J. Eckstein, K. Marquardt, M. L. Manns, M. V{\"o}lter y E. Wallingford},
	Date-Added = {2015-02-09 15:37:13 +0000},
	Date-Modified = {2015-02-09 15:41:14 +0000},
	Howpublished = {\url{http://csis.pace.edu/%7Ebergin/patterns/ExperientialLearning.html}},
	Title = {Experiental Learning.}}

@misc{active-learning,
	Author = {J. Eckstein, J. Bergin y H. Sharp.},
	Date-Added = {2015-02-09 15:34:13 +0000},
	Date-Modified = {2015-02-09 15:36:01 +0000},
	Howpublished = {\url{http://csis.pace.edu/~bergin/patterns/ActiveLearningV24.html}},
	Month = {Agosto, 2002},
	Title = {Active Learning.},
	Year = {{\'U}ltimo acceso el 9 febrero de 2015.}}

@misc{pedagogical-patterns,
	Author = {Joseph Bergin},
	Date-Added = {2015-02-02 16:28:04 +0000},
	Date-Modified = {2015-02-09 15:36:15 +0000},
	Howpublished = {\url{http://csis.pace.edu/~bergin/PedPat1.2.html}},
	Month = {Octubre, 1998},
	Title = {Pedagogical Patterns},
	Year = {{\'U}ltimo acceso el 9 de febrero de 2015.}}

@misc{patrones-pedagogicos,
	Author = {Jos{\'e} Mar{\'\i}a Rodr{\'\i}guez Jim{\'e}nez},
	Date-Added = {2015-02-02 16:21:16 +0000},
	Date-Modified = {2015-02-09 15:36:10 +0000},
	Howpublished = {\url{http://www.um.es/ead/red/M10/rodriguez.pdf}},
	Keywords = {patr{\'o}n de dise{\~n}o, lenguaje de patr{\'o}n, patrones pedag{\'o}gicos en educaci{\'o}n virtual, ense{\~n}anza online},
	Month = {junio, 2009},
	Pages = {16},
	Title = {Patrones pedag{\'o}gicos en educaci{\'o}n virtual.},
	Year = {{\'U}ltimo acceso el 9 de febrero de 2015.},
	Bdsk-File-1 = {YnBsaXN0MDDUAQIDBAUGJCVYJHZlcnNpb25YJG9iamVjdHNZJGFyY2hpdmVyVCR0b3ASAAGGoKgHCBMUFRYaIVUkbnVsbNMJCgsMDxJXTlMua2V5c1pOUy5vYmplY3RzViRjbGFzc6INDoACgAOiEBGABIAFgAdccmVsYXRpdmVQYXRoWWFsaWFzRGF0YV8QIC4uLy4uLy4uL0Rvd25sb2Fkcy9yb2RyaWd1ZXoucGRm0hcLGBlXTlMuZGF0YU8RAYYAAAAAAYYAAgAADE1hY2ludG9zaCBIRAAAAAAAAAAAAAAAAAAAAM6XudNIKwAAAAj6Rw1yb2RyaWd1ZXoucGRmAAAAAAAAAAAAAAAAAAAAAAAAAAAAAAAAAAAAAAAAAAAAAAAAAAAAAAAAAAAAAAAAAAABAvHY0PVjjgAAAAAAAAAAAAMAAgAACSAAAAAAAAAAAAAAAAAAAAAJRG93bmxvYWRzAAAQAAgAAM6Xq8MAAAARAAgAAND1VX4AAAABAAwACPpHAAj6RAACZI4AAgA5TWFjaW50b3NoIEhEOlVzZXJzOgBlYXJ0aGxhbmR0bzoARG93bmxvYWRzOgByb2RyaWd1ZXoucGRmAAAOABwADQByAG8AZAByAGkAZwB1AGUAegAuAHAAZABmAA8AGgAMAE0AYQBjAGkAbgB0AG8AcwBoACAASABEABIAKVVzZXJzL2VhcnRobGFuZHRvL0Rvd25sb2Fkcy9yb2RyaWd1ZXoucGRmAAATAAEvAAAVAAIAEv//AACABtIbHB0eWiRjbGFzc25hbWVYJGNsYXNzZXNdTlNNdXRhYmxlRGF0YaMdHyBWTlNEYXRhWE5TT2JqZWN00hscIiNcTlNEaWN0aW9uYXJ5oiIgXxAPTlNLZXllZEFyY2hpdmVy0SYnVHJvb3SAAQAIABEAGgAjAC0AMgA3AEAARgBNAFUAYABnAGoAbABuAHEAcwB1AHcAhACOALEAtgC+AkgCSgJPAloCYwJxAnUCfAKFAooClwKaAqwCrwK0AAAAAAAAAgEAAAAAAAAAKAAAAAAAAAAAAAAAAAAAArY=}}

@misc{robomind-web,
	Date-Added = {2015-01-28 18:30:49 +0000},
	Date-Modified = {2015-01-28 18:33:23 +0000},
	Howpublished = {\url{http://www.robomind.net/es/}},
	Title = {P{\'a}gina oficial de RoboMind Desktop en Espa{\~n}ol.},
	Year = {{\'U}ltimo acceso el 28 de enero de 2015.}}
