%% This BibTeX bibliography file was created using BibDesk.
%% http://bibdesk.sourceforge.net/


%% Created for Alberto López Sánchez at 2016-01-26 13:36:13 +0100 


%% Saved with string encoding Unicode (UTF-8) 



@misc{box2d,
	Date-Added = {2016-01-26 12:14:05 +0000},
	Date-Modified = {2016-01-26 12:14:46 +0000},
	Howpublished = {\url{http://box2d.org}},
	Title = {P{\'a}gina oficial del proyecto Box2d},
	Year = {{\'U}ltimo acceso en enero 2016}}

@misc{teachin-games,
	Date-Added = {2016-01-26 12:11:45 +0000},
	Date-Modified = {2016-01-26 12:12:20 +0000},
	Howpublished = {\url{http://www.teachergaming.com/index.html}},
	Title = {P{\'a}gina oficial de Teaching games},
	Year = {{\'U}ltimo acceso en enero 2016}}

@misc{computer-craft-edu,
	Date-Added = {2016-01-26 12:08:44 +0000},
	Date-Modified = {2016-01-26 12:09:33 +0000},
	Howpublished = {\url{http://computercraftedu.com}},
	Title = {P{\'a}gina oficial de Computer Craft Edu},
	Year = {{\'U}litmo acceso enero 2016}}

@misc{computer-craft,
	Date-Added = {2016-01-26 12:03:38 +0000},
	Date-Modified = {2016-01-26 12:04:23 +0000},
	Howpublished = {\url{http://www.computercraft.info}},
	Title = {P{\'a}gina oficial de Computer Craft},
	Year = {{\'U}ltimo acceso en enero 2016}}

@misc{code-academy,
	Date-Added = {2016-01-26 12:01:21 +0000},
	Date-Modified = {2016-01-26 12:01:53 +0000},
	Howpublished = {\url{https://www.codecademy.com}},
	Title = {P{\'a}gina oficial de Code Academy},
	Year = {{\'U}ltimo acceso en enero 2016}}

@misc{dash-dot,
	Date-Added = {2016-01-26 11:59:17 +0000},
	Date-Modified = {2016-01-26 12:00:32 +0000},
	Howpublished = {\url{https://www.makewonder.com}},
	Title = {P{\'a}gina oficial de Dash and Dot},
	Year = {{\'U}ltimo acceso en enero 2016}}

@misc{blockly,
	Date-Added = {2016-01-26 11:56:29 +0000},
	Date-Modified = {2016-01-26 12:01:02 +0000},
	Howpublished = {\url{https://blockly-games.appspot.com}},
	Title = {P{\'a}gina oficial de Blockly games},
	Year = {{\'U}ltimo acceso enero 2016}}

@misc{web-worker-mdn,
	Author = {Mozilla Developer Network},
	Date-Added = {2016-01-26 11:53:18 +0000},
	Date-Modified = {2016-01-26 11:54:59 +0000},
	Howpublished = {\url{https://developer.mozilla.org/es/docs/Web/API/Web_Workers_API}},
	Month = {Noviembre 2015},
	Title = {Web Workers API},
	Year = {{\'U}ltimo acceso en enero 2016.}}

@misc{event-loop-js,
	Author = {Erin Swenson-Healey},
	Date-Added = {2016-01-26 11:50:56 +0000},
	Date-Modified = {2016-01-26 11:55:16 +0000},
	Howpublished = {\url{http://blog.carbonfive.com/2013/10/27/the-javascript-event-loop-explained/}},
	Month = {Octubre 2013},
	Title = {The JavaScript Event Loop: Explained},
	Year = {{\'U}ltimo acceso en enero 2016.}}

@misc{look-programmers-brain,
	Author = {Chris Parnin},
	Date-Added = {2016-01-26 11:47:49 +0000},
	Date-Modified = {2016-01-26 11:50:09 +0000},
	Howpublished = {\url{http://www.huffingtonpost.com/chris-parnin/scientists-begin-looking-_b_4829981.html}},
	Month = {Abril 2014},
	Title = {Scientists Begin Looking at Programmers' Brains: The Neuroscience of Programming},
	Year = {{\'U}ltimo acceso en enero 2016}}

@misc{js-timers-works,
	Author = {John Resig},
	Date-Added = {2016-01-26 11:43:14 +0000},
	Date-Modified = {2016-01-26 11:50:30 +0000},
	Howpublished = {\url{http://ejohn.org/blog/how-javascript-timers-work/}},
	Month = {Febrero, 2008},
	Title = {How JavaScript Timers Work},
	Year = {{\'U}ltimo acceso en enero 2016}}

@misc{code-school,
	Annote = {PARA PROGRAMADORES},
	Date-Added = {2016-01-26 11:39:58 +0000},
	Date-Modified = {2016-01-26 11:46:53 +0000},
	Howpublished = {\url{https://www.codeschool.com}},
	Title = {P{\'a}gina oficial de Code School.},
	Year = {{\'U}ltimo acceso en enero 2016. }}

@misc{code-org,
	Date-Added = {2016-01-26 11:31:53 +0000},
	Date-Modified = {2016-01-26 11:46:45 +0000},
	Howpublished = {\url{https://code.org}},
	Title = {P{\'a}gina oficial de Code.org},
	Year = {{\'U}ltimo acceso en enero 2016}}

@misc{robomind-web,
	Date-Added = {2016-01-25 17:51:02 +0000},
	Date-Modified = {2016-01-26 11:46:05 +0000},
	Howpublished = {\url{http://www.robomind.net}},
	Title = {P{\'a}gina oficial de RoboMind.},
	Year = {{\'U}ltimo acceso en enero de 2016.}}
